<?xml version="1.0" encoding="UTF-8"?><collection xmlns="http://www.loc.gov/MARC21/slim"><record><leader>00428nam--2200157-i-4500</leader><controlfield tag="001">000047289</controlfield><controlfield tag="002">20161230</controlfield><controlfield tag="005">20170123231955</controlfield><controlfield tag="008">060222s1000------------r-----000-0-eng-d</controlfield><datafield ind1=" " ind2=" " tag="080"><subfield code="a">616(043)</subfield></datafield><datafield ind1=" " ind2=" " tag="100"><subfield code="a">Werner, Ina</subfield></datafield><datafield ind1=" " ind2=" " tag="245"><subfield code="a">Optimierung der erzeugung und darstellung von ureterperistalkokbilder</subfield><subfield code="b">dissertation</subfield></datafield><datafield ind1=" " ind2=" " tag="260"><subfield code="a">Tubingen</subfield><subfield code="b">Universitat</subfield><subfield code="c">1984</subfield></datafield><datafield ind1=" " ind2=" " tag="300"><subfield code="a">100 p</subfield></datafield><datafield ind1=" " ind2=" " tag="852"><subfield code="a">72744</subfield></datafield><datafield ind1=" " ind2=" " tag="CAT"><subfield code="a">SYS</subfield><subfield code="c">20170123</subfield><subfield code="h">231955</subfield></datafield></record></collection>